2808 5096
31 503 33 518 t

30 531 39 568 i·

529 397 688 558 (⁵.)

28 693 30 740 ;
138 635 279 724 siquod
299 633 412 704 darunt
434 633 498 720 sit,
523 629 578 730 agi
609 628 737 726 potest'.
795 628 854 701 Sin
875 647 973 712 'vern
1003 629 1065 703 iin-

135 805 276 880 gamus,
302 783 439 856 divitem
464 791 543 856 esse'
556 805 747 878 sponsum,
782 803 817 854 et
852 805 908 854 eas
939 781 1065 854 suntra-

134 959 209 1008 runt
242 940 431 1030 nuptiarum
464 937 557 1034 leges
591 938 714 1010 futuris
750 935 955 1031 conjugibus
990 931 1063 1026 pla·

134 1083 266 1198 euisse,
312 1094 437 1183 quibus
475 1089 613 1164 illarum
655 1091 847 1162 divitiarum
889 1091 1061 1182 particeps

133 1263 271 1336 quoque
294 1242 390 1315 fieret
409 1247 548 1338 sponsa,
573 1245 666 1340 nulia
688 1244 770 1316 huic
788 1241 890 1314 datur'
906 1243 1073 1337 actiopb.

18 1463 19 1466 ,
132 1393 241 1480 illud,
267 1417 337 1487 quo
358 1396 573 1483 destituitur,
598 1379 742 1472 lucrum.

178 1549 243 1624 Est
264 1553 353 1622 enim
377 1571 503 1625 exart.
533 1573 610 1646 172.
634 1549 780 1623 Codicis
812 1548 923 1622 civilis
956 1549 1061 1620 mani·

93 1747 99 1762 ·
131 1704 278 1786 sessum,
316 1703 527 1797 desponsatis
555 1703 612 1797 ius
641 1723 711 1775 non
746 1724 819 1773 esse
852 1701 1064 1774 intercedenl

131 1849 189 1944 di,
215 1853 396 1952 quominus
427 1853 571 1952 s'ptinsus
603 1858 657 1932 vel
693 1878 818 1951 sponsa
850 1873 929 1930 curu
959 1853 1063 1928 altera

130 2013 185 2084 vel
212 2005 320 2085 altero
347 2017 484 2107 nuptias
510 2011 698 2086 'contrahat
748 2012 840 2106 Hin'c
861 2013 966 2105 igitur
988 2027 1060 2078 me-

128 2168 197 2238 tito
232 2168 397 2252 efficitur,
434 2165 561 2238 nulian't
592 2166 738 2259 amplius
766 2167 835 2235 vim
869 2184 946 2262 esse
964 2165 1062 2234 initis

131 2319 368 2412 sponsalibus,
394 2343 460 2414 qua
483 2323 608 2392 invitus
631 2320 686 2390 vel
711 2323 916 2430 invitaxcogi
949 2320 1062 2410 possit·

127 2467 170 2540 ad
193 2473 446 2578 matrimonium
469 2472 720 2558 celebrandurn.
769 2471 892 2564 Neque
921 2472 984 2540 hac
1018 2471 1062 2540 de

126 2641 166 2694 ra
185 2622 254 2694 uua
283 2619 462 2696 utffieunas
487 2642 560 2695 orn
582 2625 686 2696 fusse
710 2625 852 2696 venetur.
888 2623 964 2726 uno
989 2603 1060 2696 uis

125 2778 248 2872 exigua
262 2795 324 2847 aur
346 2779 463 2867 potius
483 2777 555 2868 fere
574 2779 667 2849 nulla
689 2781 742 2848 vis
762 2778 947 2852 futurarum
969 2801 1058 2872 nup·

127 2931 248 3002 tiarunt
269 2927 547 3022 stipulationibus
571 2933 753 3015 tribuitur,
773 2949 839 3015 ut,
871 2932 1061 3004 secundum

127 3083 328 3164 sententias,
352 3103 372 3154 a
393 3084 626 3188 superioribus
645 3083 808 3156 Francius
832 3085 1059 3156 tribunalibus

126 3231 234 3322 latas,
258 3253 301 3304 ne
324 3233 434 3308 valeat
457 3236 594 3330 quidem
623 3239 834 3331 stipulationi
865 3235 976 3308 addita
1000 3238 1058 3310 lex

126 3387 168 3458 de
192 3407 284 3498 certa
308 3393 470 3482 peeuniae
493 3407 623 3464 sumna
652 3367 836 3476 solvenda,
871 3395 900 3462 si
932 3392 1057 3464 alteru-

123 3543 210 3614 trius
234 3522 337 3636 culpa
363 3546 501 3638 nuptiae
523 3565 592 3618 non
617 3565 810 3638 sequnntur.
834 3541 902 3638 (r)
951 3545 1058 3637 Quod

829 3721 1057 3795 ‚uve-

168 3859 684 3944 (1)vid.sunn‚Raeceuugrnsral
702 3868 746 3928 der
771 3868 883 3952 arrius,
903 3869 984 3932 Turn.
1005 3871 1055 3932 Vi.

46 4051 54 4064 .
127 4011 190 4074 trs·
208 4011 237 4073 s·
257 4010 287 4057 et
309 3997 389 4060 uom.
415 3998 478 4061 XV·
501 4013 553 4074 uas
586 4013 647 4074 rsa
877 3989 880 3994 ’
