2808 5096
488 431 678 532 (ις)

117 686 180 744 nos
213 669 316 742 docet
354 687 416 763 per
451 670 649 738 sententiam
683 667 858 740 tribunalis
901 650 1051 770 supremi

115 823 310 900 ¹Duaceosis
342 821 375 893 d.
407 842 440 916 3.
474 843 518 892 m.
553 822 720 916 Aaugosti
754 822 807 892 Ai.
846 825 962 916 1819,
996 825 1055 894 cui

118 978 270 1050 addenda
292 976 424 1046 videtur
456 979 648 1058 sententia,
668 997 868 1068 asupremo
893 975 1055 1048 Franciae

120 1133 280 1206 tribunali
317 1125 813 1224 latad.1'6.m.MajiA¹.
851 1131 953 1204 1808.
1014 1129 1056 1202 ln
1131 1173 1132 1176 =
1233 1179 1244 1200 .

118 1287 262 1360 eandem
294 1304 431 1380 quoque
464 1285 662 1355 sententiam
692 1282 761 1354 ΑΟ.
801 1282 918 1370 1811,
952 1285 1060 1356 iterat

121 1427 338 1525 Tounnrrn,
380 1457 486 1531 quum
516 1437 664 1529 primum
696 1438 730 1508 in
765 1435 879 1508 lucem
907 1437 1058 1510 ediderat
1130 1432 1134 1443 *

54 1591 58 1598 ’
123 1617 237 1689 opus:
260 1597 294 1667 ie
315 1593 412 1665 droit
433 1591 520 1663 civil
529 1587 701 1685 sranoais
726 1587 806 1684 (r).
830 1591 953 1664 Postea
975 1609 1059 1664 vero

117 1707 193 1845 jam
216 1747 294 1820 inde
313 1769 332 1818 a
355 1743 506 1817 secunda
523 1743 674 1816 editione
702 1746 816 1838 operis
840 1743 964 1816 laudati
982 1763 1059 1814 sen·

123 1903 265 1980 tentiam
287 1899 453 1983 mutavit,
476 1899 599 1970 acriter
626 1896 823 1990 disputans,
849 1881 892 1968 err
921 1916 984 1968 art.
1012 1913 1059 1989 ας

124 2053 210 2126 Coei.
236 2050 313 2126 Cia„
338 2051 433 2124 solos
459 2048 601 2124 effectus
621 2049 740 2122 civiles
766 2051 973 2122 matrimonii
996 2069 1060 2145 per

122 2215 273 2281 mortem
294 2205 432 2278 civilem
461 2203 563 2290 tolii3
590 2224 657 2295 qua
688 2204 793 2298 igitar
815 2201 894 2298 lege
922 2203 1063 2275 restrin-

126 2357 278 2458 gendum
299 2358 455 2442 videtur,
480 2360 588 2450 quod
603 2363 639 2429 in
662 2351 723 2430 att.
744 2381 825 2452 227.
842 2364 901 2430 κιο.
922 2379 955 2450 3.
980 2377 1064 2448 con·

125 2513 282 2584 stituitur
302 2509 344 2585 de
360 2511 579 2582 matrimonio
598 2509 789 2596 dissoluto,
815 2529 958 2604 propter
973 2511 1063 2582 dam·

126 2643 301 2738 nationem
334 2663 526 2736 alterutrius
553 2641 717 2756 'conjugis
737 2661 779 2736 ad
799 2683 967 2756 poenam,
1003 2684 1064 2735 cu·

85 2833 87 2842 “
125 2820 181 2912 jus
204 2838 298 2890 mors
320 2815 432 2890 civilis
453 2833 507 2892 est
528 2798 681 2888 effectusss

176 2969 313 3043 Praeter
332 2970 523 3044 Toumar
545 2973 696 3064 quinque
717 2971 855 3064 insuper
882 2965 963 3063 JCti
986 2987 1067 3040 ean·

129 3124 209 3196 dem
234 3127 431 3196 sententiam
456 3125 665 3216 probarunt,
690 3125 724 3194 in
756 3121 1008 3194 consultatione
1030 3121 1066 3196 d.

138 3293 170 3346 r.
184 3297 229 3348 m.
248 3276 338 3370 Maji
356 3269 410 3344 Αἱ.
440 3277 555 3374 1817,
573 3295 673 3366 quam
690 3275 791 3345 nobis
807 3273 907 3344 etiam
931 3274 1068 3368 inope·

131 3447 170 3502 re
190 3427 280 3502 laud.
301 3429 463 3503 editionis
486 3445 598 3530 sextae
615 3429 755 3504 exhibet
773 3425 964 3514 Tounnrnrt
985 3425 1008 3520 (
1033 3420 1066 3517 ).
1172 3427 1181 3480 ’-

1012 3577 1070 3652 Ex
1292 3589 1294 3596 ⁴

172 3749 227 3828 (r)
246 3751 313 3813 Lib.
336 3755 360 3812 i.
381 3752 439 3812 Tit.
460 3753 484 3815 1.
506 3753 553 3812 n⁰.
577 3767 643 3825 232.

175 3880 228 3960 (o)
248 3883 322 3965 vid„
340 3899 401 3957 op..
422 3881 499 3970 laud..
521 3881 601 3944 Edit.
623 3881 751 3946 ereren.
768 3872 815 3941 Ἀ.
841 3877 923 3956 1824-
944 3877 1027 3942 Tora.
1047 3877 1072 3938 Ι.
1096 3968 1098 3978 Ι

134 4027 202 4090 tna
223 4016 287 4083 328·
310 4029 389 4086 sena·
