2808 5096
744 472 768 568 (
816 497 839 565 4
883 471 908 574 J.

364 711 459 798 tiaii,
485 730 556 802 quo
577 708 619 780 de
640 707 742 779 bonis
764 707 838 777 suis
857 723 934 776 ante
961 706 1060 777 initas
1084 705 1219 798 nuptias
1239 705 1297 778 fn·

359 865 426 935 turi
460 863 624 956 conjuges
661 877 769 932 certas
800 877 835 928 et
866 877 1059 930 constantes
1095 859 1189 956 leges
1220 859 1288 932 sibi

359 1036 479 1088 mutuo
515 1015 691 1100 scribunt,
716 1015 751 1082 in
773 1009 865 1084 lib'ro
890 1011 1025 1084 demum
1055 1010 1118 1082 111.
1143 1011 1296 1084 Codicis·

354 1174 411 1266 agi
435 1169 554 1242 debuit
577 1187 612 1238 et
637 1169 737 1239 eriam
762 1184 1102 1240 revereretumest.

404 1321 511 1417 Quod
540 1341 621 1389 vero
646 1316 689 1388 ad
718 1319 887 1410 sponsalia
917 1321 1062 1403 attinet,
1097 1317 1211 1392 noluit
1239 1316 1289 1388 le-

353 1474 496 1576 gislator
515 1471 725 1561 Francicus,
749 1491 787 1545 ut
813 1475 854 1544 iis
885 1471 1001 1564 aliqua
1033 1473 1119 1565 juris
1151 1474 1203 1542 vis
1225 1479 1288 1541 'es'-
1362 1530 1366 1540 ,

349 1647 517 1727 set,jqua
551 1625 765 1718 plenissima,
797 1626 833 1696 in
865 1628 1106 1710 matrimonio,
1145 1629 1181 1696 in
1206 1647 1282 1698 om·

349 1777 401 1854 nis
435 1803 520 1877 ergo
550 1784 638 1850 vitae
669 1781 847 1868 consortio
878 1797 913 1849 et
946 1778 1195 1850 consuetudine
1234 1750 1308 1849 in·-

346 1937 491 2019 eundis,
528 1933 667 2005 libertas
700 1931 813 2024 aliqua
845 1933 977 2004 ratione
1010 1933 1281 2026 restringeretur.

344 2087 451 2161 Nulla
475 2109 518 2160 eu
542 2086 778 2180 sponsalibus,
804 2086 875 2155 sive
900 2101 943 2157 en
968 2085 1142 2156 mentione
1169 2101 1205 2155 et
1227 2103 1281 2154 re·

343 2243 573 2335 promissione
591 2239 780 2312 futurarum
804 2239 1022 2330 nuptiarum,
1048 2259 1190 2330 quoquo
1206 2257 1289 2308 mo*

342 2393 389 2466 do
429 2393 692 2476 etiaminitis,
724 2388 919 2484 obligatio„
956 2391 1145 2464 secundum
1183 2390 1278 2484 leges

344 2546 551 2631 Francicus,
578 2548 661 2619 oriri
685 2546 843 2629 videtur,
867 2546 958 2634 nisi,
991 2563 1077 2636 quae
1110 2543 1277 2640 piurima*
1352 2551 1357 2556 '

339 2652 414 2768 rum
443 2701 650 2792 scriptorum
672 2717 725 2768 est
747 2700 937 2781 sententia,
975 2715 1029 2772 et:
1048 2719 1158 2772 rerum
1185 2698 1273 2792 judi·

320 2869 489 2933 ,catarum
529 2851 732 2946 auctoritate
769 2850 882 2922 haud.
903 2849 1009 2920 semel
1033 2853 1272 2938 confirmata,

318 3095 321 3100 Ι
339 3023 487 3105 sponsus
511 3003 567 3074 vel
588 3025 734 3096 sponsa,
759 3023 806 3075 ex
826 3001 950 3074 uiolata
975 2991 1050 3076 fide'
1066 3023 1099 3076 et
1127 3025 1204 3078 non,
1220 3025 1273 3078 se·

336 3159 428 3228 cutis
451 3159 624 3250 nuptiis,
659 3157 816 3228 damnum
848 3155 969 3250 injurii
1002 3147 1160 3248 patiatur.
1213 3155 1271 3228 De

334 3305 434 3382 iuero
448 3327 604 3394 ¹autem,
630 3329 700 3399 quo
725 3329 869 3399 sponsus
892 3309 946 3382 vel
969 3331 1093 3400 sponsa
1116 3310 1269 3384 destitui-

336 3479 415 3545 tur,
441 3460 608 3551 captando
629 3462 683 3554 agi
708 3480 777 3554 non
801 3480 944 3555 potest·
976 3461 1107 3556 Igitur,
1139 3467 1168 3536 si
1191 3467 1267 3558 quis

333 3633 478 3705 sponsus
515 3635 549 3682 v.
583 3635 618 3683 c.
656 3614 1023 3708 sponsamrepudiat,
1062 3637 1165 3708 quum
1194 3617 1265 3710 jam

333 3764 439 3848 haec,
465 3763 527 3836 ilio
551 3786 621 3836 non
642 3768 843 3862 ignorante,
868 3766 911 3837 ad
937 3767 1077 3840 domurn
1108 3789 1262 3851 commu·

331 3934 408 3988 nem
442 3916 669 3990 instruendam
699 3937 831 4010 sumtus
861 3894 1015 4007 iecerat,
1048 3919 1090 3994 de
1115 3921 1260 4016 damno,

1230 4074 1260 4146 si
