2808 5096
704 359 893 460 (16)

380 597 436 708 iix
459 599 511 670 his
540 600 643 693 igitur
665 598 914 690 scriptoribus,
945 595 1090 691 aliisque
1111 595 1268 670 sontibus

332 757 498 847 cognosci
523 772 665 846 possunt
694 771 728 822 et
757 750 938 842 aliquando
961 716 1137 826 uestimari
1168 769 1266 844 orgus

330 925 466 992 menta,
491 908 659 997 utrimque
672 871 798 992 ’,hm
822 925 897 974 raro
917 923 996 974 curn
1020 905 1267 998 magnounimi

330 1054 490 1152 fervore,
514 1061 709 1154 propositas
754 1057 926 1140 rutum
951 1058 985 1126 in
1021 1057 1170 1128 editione
1207 1076 1266 1146 sua

330 1201 385 1280 Αἰ.
404 1211 507 1286 1826.
525 1232 565 1280 ea
589 1229 640 1280 est
663 1213 850 1294 sententia,
876 1228 1055 1302 utputet,
1078 1229 1171 1283 recte
1192 1210 1265 1282 fac·

331 1379 440 1448 turum
460 1365 682 1460 principem,
714 1366 742 1434 si
770 1383 880 1448 nunc,
906 1365 1072 1458 abrogato
1100 1359 1264 1446 amatri-

301 1513 304 1520 ’
330 1518 448 1588 monio
470 1517 656 1605 divertendi
686 1519 785 1612 jure,
800 1519 858 1608 ,ob
885 1539 1028 1608 mortem
1046 1517 1189 1608 civilem
1208 1536 1265 1586 so·

232 1635 244 1657 ¹
318 1649 395 1740 'lam
416 1639 515 1767 ¹vitae
530 1670 783 1742 consuetudinis
812 1691 847 1742 et
863 1736 867 1744 ,
881 1675 1049 1756 bonorum
1065 1727 1067 1734 .
1081 1673 1265 1764 separatio·

328 1845 416 1918 nem.
443 1825 659 1920 concederet.
704 1822 905 1916 Denique,
930 1837 1039 1918 quum
1064 1825 1099 1894 iu
1129 1823 1265 1910 Codice

327 1973 423 2048 civili
457 1977 741 2058 matrimoniumt
768 1977 818 2045 uti
855 1976 1028 2068 principio
1048 1975 1266 2066 ‚speciminis
1308 2023 1311 2028 -

324 2129 394 2223 jam
424 2127 594 2211 diximus,
620 2131 720 2199 unice
741 2147 934 2220 spectatur,
972 2146 1127 2220 tanquam
1156 2149 1265 2222 nego-

328 2261 443 2377 tium2
461 2299 500 2376 ut
521 2282 568 2350 ita
592 2279 718 2372 dicam,
742 2280 864 2367 civile,
886 2299 1146 2376 argumentum,
1170 2281 1266 2388 quod¹

327 2435 408 2518 inde
427 2434 555 2532 ducunt
575 2433 660 2505 Viro
682 2433 739 2506 Ci.
764 2422 957 2526 Toussmu
985 2431 1201 2524 adversarii}
1214 2455 1266 2518 se·¹

327 2557 475 2662 cundum
500 2606 561 2658 art.
589 2607 645 2680 ες.
667 2587 748 2659 Crd.
780 2587 858 2660 Ciu.
893 2591 1143 2670 matrimonium
1178 2611 1266 2682 quo·

327 2761 394 2834 que
427 2741 586 2810 ciuiliter
614 2759 676 2829 pcr
705 2757 850 2810 mortem
884 2720 1021 2812 ciuilem
1045 2759 1119 2812 esse
1153 2742 1265 2816 subla·

328 2912 419 2978 tum,
436 2889 717 2984 quandoquidem
743 2893 950 2964 matrimonii
977 2915 1135 2988 tanquam
1157 2920 1266 2972 sacra·

329 3046 456 3138 menti,
491 3043 585 3136 quod
615 3044 755 3128 dicunt,
789 3047 876 3118 ratio
904 3047 1058 3120 habenda
1089 3071 1159 3124 non
1191 3070 1264 3138 est,

329 3200 365 3273 in
390 3219 510 3278 causa,
536 3200 731 3289 praesertim
756 3199 914 3304 illorum,
937 3225 1025 3296 quos
1048 3203 1266 3286 exFranciae

279 3385 284 3393 ·
328 3353 507 3450 emigrasse
537 3353 705 3442 vidimus,
731 3351 849 3423 fallere
873 3375 937 3428 nec
961 3360 1106 3448 probare
1134 3358 1188 3442 id,
1223 3358 1265 3428 de

329 3528 400 3600 quo
434 3511 628 3598 quaeritur,
666 3528 708 3578 ex
744 3505 960 3580 Touuutsrtu
992 3511 1149 3582 doctrina
1172 3510 1266 3580 vide·

331 3674 396 3733 tur.
459 3655 600 3752 Quippe
632 3661 666 3728 in
705 3657 965 3746 consulatione,
1002 3663 1107 3735 modo
1141 3665 1263 3744 citata,

330 3827 401 3888 uon
426 3806 537 3886 sulum
562 3800 779 3906 distinguitur
804 3813 896 3886 inter
925 3815 1175 3888 matrimonium
1210 3815 1266 3888 vel

1222 3987 1264 4038 CX
