2808 5096
503 472 675 570 (a)

125 703 253 800 diaria,
279 730 365 805 quae
388 711 437 782 les
464 707 634 781 Gazetras
658 707 717 780 des
752 705 1058 806 Tribunaux'ap·
1163 685 1170 694 ⁸

124 863 298 960 pellantur
323 865 344 958 (
369 857 402 954 ).

127 1063 130 1070 «
177 1015 241 1091 Est
258 1033 260 1042 ·
279 1037 362 1091 vcro
398 1014 754 1103 animadvertendum,
786 1015 923 1092 titulum
949 1017 1059 1092 Codi-

128 1175 177 1246 cis
211 1170 323 1244 civilis
354 1171 399 1242 de
430 1172 588 1242 divortiis
619 1189 698 1242 ante
729 1169 862 1262 aliquot
877 1183 988 1244 'annos
1023 1178 1059 1248 in

122 1319 273 1399 Francia
292 1325 397 1397 fuisse
420 1326 639 1420 abrogatum,
664 1346 708 1398 co
732 1323 883 1411 effectu,
917 1345 956 1398 ut
979 1347 1063 1398 con·

126 1481 267 1576 jugibus
287 1479 451 1551 divertere
470 1477 543 1550 non
555 1477 705 1570 amplius
727 1477 840 1551 liceat.
890 1481 947 1552 Ad
969 1481 1064 1574 quod

128 1635 296 1727 imprimis
320 1653 354 1705 et
378 1631 462 1705 illud
485 1633 698 1721 accedit‚,in
718 1635 903 1705 novissima
923 1634 1064 1726 publica

124 1787 266 1876 imperii
291 1786 393 1881 lege,
428 1807 527 1880 quam
553 1788 593 1857 la
624 1785 763 1858 Charra
792 1783 916 1858 Franci
949 1749 1067 1880 appel.

130 1937 223 2028 lant,
255 1940 465 2033 pontificiam
501 1939 701 2038 religionem
737 1943 912 2036 publicam
947 1943 1067 2014 civita·

130 2095 176 2166 ais
197 2094 398 2188 religionem
419 2097 639 2168 constitutam
662 2094 780 2167 fuisse.

121 2269 162 2298 ‘··
179 2247 348 2338 Antiquae
371 2247 464 2342 leges
485 2249 608 2340 patrias
640 2251 668 2319 si
697 2250 942 2340 inspiciamus,
966 2247 1061 2319 vide*

132 2413 228 2484 mus,
253 2402 288 2471 in
312 2397 398 2483 illis,
420 2421 600 2492 antequam
622 2401 665 2472 de
688 2404 905 2472 matrimonio
926 2421 1068 2493 agatur,

133 2553 177 2627 tle
199 2551 380 2646 sponsaliis
412 2554 483 2628 dici
510 2571 546 2623 et
568 2553 805 2623 contractibus
824 2551 1065 2642 :nuptialibus3
1189 2533 1191 2538 ’

132 2705 231 2795 quod
258 2704 339 2776 ideo
376 2702 503 2774 factum
546 2703 703 2791 ridetur,
749 2707 828 2796 quia
866 2704 945 2776 illae
987 2683 1069 2778 ¹corr,

133 2860 312 2938 nentiones
332 2859 466 2949 nuptias
496 2859 715 2948 praecedunt.
764 2858 846 2930 Alia
868 2879 982 2932 autem
1017 2883 1070 2933 ra·

135 3015 211 3096 tio,
235 3011 329 3082 allud
359 3010 567 3098 consilium,
597 3010 663 3090 alia
695 3011 806 3084 forma
835 3033 929 3101 erat,
967 3035 1069 3114 quam
1183 3087 1186 3092 .

136 3166 205 3236 sibi
228 3167 269 3234 in
287 3165 537 3236 distributione
561 3162 706 3236 Codicis
739 3167 853 3240 civilis
881 3189 1072 3260 proposue·

137 3339 212 3392 rant
234 3319 327 3392 illius
347 3319 493 3393 Codicis
524 3317 718 3392 architecti.
767 3318 961 3392 Secundum
1001 3321 1070 3392 hoc

138 3466 346 3561 consilium,
380 3475 467 3546 hanc
496 3471 665 3563 formam,
701 3472 758 3544 de'
777 3493 956 3552 contractu
985 3495 1073 3568 unp·

931 3697 933 3703 .
987 3628 1076 3700 tia·

161 3825 335 3904 '(1)Conf.
360 3832 440 3890 etiam
464 3813 637 3904 Lassauux,
659 3829 779 3897 Journal
795 3825 853 3905 fair
880 3829 1078 3910 Geretagtburrg

143 3957 226 4018 rom.
249 3961 287 4020 n.
309 3975 431 4038 paros.
453 3968 602 4040 prmo.
695 3979 699 3988 ·
1057 3955 1061 3962 ’

572 4099 652 4166 Aa
